@article{codd1970,
  title={A relational model of data for large shared data banks},
  author={Codd, Edgar F},
  journal={Communications of the ACM},
  volume={13},
  number={6},
  pages={377--387},
  year={1970},
  publisher={ACM}
}


@article{codd1979,
  title={Extending the database relational model to capture more meaning},
  author={Codd, Edgar F},
  journal={ACM Transactions on Database Systems (TODS)},
  volume={4},
  number={4},
  pages={397--434},
  year={1979},
  publisher={ACM}
}

@inproceedings{amal,
  title={A {GUI} crawling-based technique for {A}ndroid mobile application testing},
  author={Amalfitano, Domenico and Fasolino, Anna Rita and Tramontana, Porfirio},
  booktitle={2011 IEEE fourth international conference on Software testing, verification and validation workshops},
  pages={252--261},
  year={2011},
  organization={IEEE}
}


@book{silberschatz1997,
  title={Database system concepts},
  author={Silberschatz, Abraham and Korth, Henry F and Sudarshan, Shashank and others},
  volume={4},
  year={1997},
  publisher={McGraw-Hill New York}
}

@book{rogers2009,
  title={Android application development: Programming with the Google SDK},
  author={Rogers, Rick and Lombardo, John and Mednieks, Zigurd and Meike, Blake},
  year={2009},
  publisher={O'Reilly Media, Inc.}
}

